@article{ipacfteaom1,
  author     = {Bogner Justus et al},
  title      = {Industry practices and challenges for the evolvability assurance of microservices},
  journal    = {Empirical Software Engineering},
  year       = {2021},
  number     = {5},
  volume     = {26},
}

@article{wfwbpyy,
  author     = {杨朝晖 and 李飞 and 付永振},
  title      = {微服务编排在网管支撑系统中的研究与应用},
  journal    = {电信工程技术与标准化},
  year       = {2019},
  number     = {06},
  volume     = {32},
  pages      = {31--36},
}

@article{wlfwyh,
  author     = {刘方明},
  title      = {网络服务编排在云环境中的应用与研究},
  journal    = {中国金融电脑},
  year       = {2019},
  number     = {03},
  pages      = {62--65},
}

@article{jywfbpxt,
  author     = {虞果},
  title      = {基于微服务的精细化业务流程编排系统},
  journal    = {浙江大学},
  year       = {2019},
}


@article{jybpmsyc,
  author     = {陈小静 and 彭培成 and 张高峰},
  title      = {基于BP神经网络的仿人两指末端执行器抓握模式预测},
  journal    = {河南理工大学学报(自然科学版)},
  year       = {2020},
  number     = {02},
  volume     = {39},
  pages      = {97--102},
}

@article{jybpsjpm25,
  author     = {刘一帆},
  title      = {基于BP神经网络的北京地铁PM2.5预测研究},
  journal    = {华北科技学院},
  year       = {2020},
}

@article{jypaas,
  author     = {杜莹},
  title      = {基于PaaS平台和云编排引擎的云数据库服务设计与实现},
  journal    = {西南交通大学},
  year       = {2019},
}

@article{jygjbp,
  author     = {蒋杰},
  title      = {基于改进BP神经网络的短时交通流量预测的研究与应用},
  journal    = {浙江工业大学},
  year       = {2020},
}

@article{jysjds,
  author     = {芮明媚},
  title      = {基于神经网络的有线电视用户流失预测方法的研究},
  journal    = {北京邮电大学},
  year       = {2020},
}

@article{jydyyybp,
  author     = {程伟华 and 王纪军 and 章路进},
  title      = {基于多云架构进行应用编排混合部署的研究},
  journal    = {计算机测量与控制},
  year       = {2020},
  number     = {11},
  volume     = {28},
  pages      = {159--163+169},
}

@article{jyrq,
  author     = {朱小亮},
  title      = {基于容器引擎的云平台设计与实现},
  journal    = {北京工业大学},
  year       = {2019},
}

@article{jysrv6,
  author     = {黄光平 and 史伟强 and 谭斌},
  title      = {基于SRv6的算力网络资源和服务编排调度},
  journal    = {中兴通讯技术},
  year       = {2021},
  number     = {03},
  volume     = {27},
  pages      = {23--28},
}

@article{qyjy,
  author     = {王骏翔 and 徐一言},
  title      = {企业级云计算平台服务编排技术的设计与实现},
  journal    = {上海船舶运输科学研究所学报},
  year       = {2021},
  number     = {02},
  volume     = {44},
  pages      = {52--57+65},
}

@article{wfwr442,
  author     = {倪小璐 and 王旭英 and 边俊凯},
  title      = {微服务软件架构设计模式及其应用},
  journal    = {杭州师范大学学报(自然科学版)},
  year       = {2021},
  number     = {04},
  volume     = {20},
  pages      = {442--448},
}
@article{jyfw,
  author     = {陆剑峰 and 韩调娟 and 俞耀平},
  title      = {基于服务编排的云制造服务协同},
  journal    = {中国机械工程},
  year       = {2021},
  number     = {07},
  volume     = {32},
  pages      = {849--859},
}
